<?xml version="1.0" encoding="UTF-8"?><collection xmlns="http://www.loc.gov/MARC21/slim"><record><leader>00454nam--2200181-u-4500</leader><controlfield tag="001">000055441</controlfield><controlfield tag="002">20161230</controlfield><controlfield tag="005">20170127222915</controlfield><controlfield tag="008">130208s1000------------r-----000-0-eng-d</controlfield><datafield ind1=" " ind2=" " tag="040"><subfield code="a">IFIN-HH</subfield></datafield><datafield ind1=" " ind2=" " tag="080"><subfield code="a">413.232=2:S</subfield></datafield><datafield ind1="1" ind2=" " tag="100"><subfield code="a">Arakin, V. D</subfield></datafield><datafield ind1="1" ind2="0" tag="245"><subfield code="a">Anglo-russkii slovari</subfield><subfield code="c">V.D. Arakin, Z.S. Vigodskaia, I.I. Ilina</subfield></datafield><datafield ind1=" " ind2=" " tag="260"><subfield code="a">Moskva</subfield><subfield code="c">1963</subfield></datafield><datafield ind1=" " ind2=" " tag="300"><subfield code="a">988 p</subfield></datafield><datafield ind1="1" ind2=" " tag="700"><subfield code="a">Ilina, I. I</subfield></datafield><datafield ind1=" " ind2=" " tag="852"><subfield code="a">D.293</subfield><subfield code="c">SLG</subfield></datafield><datafield ind1=" " ind2=" " tag="CAT"><subfield code="a">SYS</subfield><subfield code="c">20170127</subfield><subfield code="h">222915</subfield></datafield></record></collection>